@article{minimap,
author = {Li, Heng},
title = {Minimap and miniasm: fast mapping and de novo assembly for noisy long sequences},
journal = {Bioinformatics},
volume = {32},
number = {14},
pages = {2103-2110},
year = {2016},
doi = {10.1093/bioinformatics/btw152},
URL = {http://dx.doi.org/10.1093/bioinformatics/btw152},
eprint = {/oup/backfile/content_public/journal/bioinformatics/32/14/10.1093_bioinformatics_btw152/3/btw152.pdf}
}

@article{minimizer,
author = {Roberts, Michael and Hayes, Wayne and Hunt, Brian R. and Mount, Stephen M. and Yorke, James A.},
title = {Reducing storage requirements for biological sequence comparison},
journal = {Bioinformatics},
volume = {20},
number = {18},
pages = {3363-3369},
year = {2004},
doi = {10.1093/bioinformatics/bth408},
URL = {http://dx.doi.org/10.1093/bioinformatics/bth408},
eprint = {/oup/backfile/content_public/journal/bioinformatics/20/18/10.1093/bioinformatics/bth408/2/bth408.pdf}
}

@article{skripta,
author = {Šikić, Mile and Domazet-Lošo, Mirjana},
title = {Bioinformatika skripta},
journal = {},
volume = {},
number = {},
pages = {},
year = {2013},
doi = {},
URL = {https://www.fer.unizg.hr/_download/repository/bioinformatika_skripta_v1.2.pdf},
}
